
                <marcx:record format="danMARC2" type="BibliographicVolume">
                  <marcx:leader>000000000000000000000000</marcx:leader>
                  <marcx:datafield ind1="0" ind2="0" tag="001">
                    <marcx:subfield code="a">2682216</marcx:subfield>
                    <marcx:subfield code="b">820010</marcx:subfield>
                    <marcx:subfield code="c">20070825190800</marcx:subfield>
                    <marcx:subfield code="d">20041209</marcx:subfield>
                    <marcx:subfield code="f">a</marcx:subfield>
                  </marcx:datafield>
                  <marcx:datafield ind1="0" ind2="0" tag="004">
                    <marcx:subfield code="r">c</marcx:subfield>
                    <marcx:subfield code="a">b</marcx:subfield>
                  </marcx:datafield>
                  <marcx:datafield ind1="0" ind2="0" tag="005">
                    <marcx:subfield code="r">a</marcx:subfield>
                  </marcx:datafield>
                  <marcx:datafield ind1="0" ind2="0" tag="008">
                    <marcx:subfield code="t">m</marcx:subfield>
                    <marcx:subfield code="u">u</marcx:subfield>
                    <marcx:subfield code="a">1987</marcx:subfield>
                    <marcx:subfield code="j">f</marcx:subfield>
                    <marcx:subfield code="l">dan</marcx:subfield>
                    <marcx:subfield code="v">0</marcx:subfield>
                  </marcx:datafield>
                  <marcx:datafield ind1="0" ind2="0" tag="014">
                    <marcx:subfield code="a">2672116</marcx:subfield>
                  </marcx:datafield>
                  <marcx:datafield ind1="0" ind2="0" tag="041">
                    <marcx:subfield code="a">dan</marcx:subfield>
                    <marcx:subfield code="c">pol</marcx:subfield>
                  </marcx:datafield>
                  <marcx:datafield ind1="0" ind2="0" tag="245">
                    <marcx:subfield code="g">Bind 4:1</marcx:subfield>
                    <marcx:subfield code="a">Sommeren</marcx:subfield>
                  </marcx:datafield>
                  <marcx:datafield ind1="0" ind2="0" tag="300">
                    <marcx:subfield code="n">6 kassetter</marcx:subfield>
                  </marcx:datafield>
                </marcx:record>
              </marcx:collection>
              <os:identifier>820010-katalog:2682216</os:identifier>
              <os:creationDate>2004-12-12</os:creationDate>
<os:holdingsCount>12</os:holdingsCount>
<os:lendingLibraries>12</os:lendingLibraries>
            <os:formatsAvailable>
              <os:format>dkabm</os:format>
            </os:formatsAvailable>
          </os:object>
        </os:collection>
      </ns1:originalData>
      <ns1:outputFormat>fullDisplay</ns1:outputFormat>
    </ns1:formatRequest>
  </SOAP-ENV:Body>
</SOAP-ENV:Envelope>
